%YAML 1.1
%TAG !u! tag:unity3d.com,2011:
--- !u!1 &3020174758976507777
GameObject:
  m_ObjectHideFlags: 0
  m_CorrespondingSourceObject: {fileID: 0}
  m_PrefabInstance: {fileID: 0}
  m_PrefabAsset: {fileID: 0}
  serializedVersion: 6
  m_Component:
  - component: {fileID: 3020174758976507779}
  - component: {fileID: 4138097461598832170}
  - component: {fileID: 3020174758976507839}
  - component: {fileID: 1614684183}
  - component: {fileID: 8882187015377955519}
  m_Layer: 0
  m_Name: Piece
  m_TagString: PuzzlePiece
  m_Icon: {fileID: 0}
  m_NavMeshLayer: 0
  m_StaticEditorFlags: 0
  m_IsActive: 1
--- !u!4 &3020174758976507779
Transform:
  m_ObjectHideFlags: 0
  m_CorrespondingSourceObject: {fileID: 0}
  m_PrefabInstance: {fileID: 0}
  m_PrefabAsset: {fileID: 0}
  m_GameObject: {fileID: 3020174758976507777}
  m_LocalRotation: {x: 0, y: 0, z: 0, w: 1}
  m_LocalPosition: {x: 0, y: 0, z: 0}
  m_LocalScale: {x: 1, y: 1, z: 1}
  m_ConstrainProportionsScale: 0
  m_Children: []
  m_Father: {fileID: 0}
  m_RootOrder: 0
  m_LocalEulerAnglesHint: {x: 0, y: 0, z: 0}
--- !u!114 &4138097461598832170
MonoBehaviour:
  m_ObjectHideFlags: 0
  m_CorrespondingSourceObject: {fileID: 0}
  m_PrefabInstance: {fileID: 0}
  m_PrefabAsset: {fileID: 0}
  m_GameObject: {fileID: 3020174758976507777}
  m_Enabled: 1
  m_EditorHideFlags: 0
  m_Script: {fileID: 11500000, guid: 40b6ab3a81bb4a18977512d0f52798da, type: 3}
  m_Name: 
  m_EditorClassIdentifier: 
  leanDragTranslate: {fileID: 0}
  leanSelectableByFinger: {fileID: 3020174758976507839}
  _nodes: []
  orginPoint: {fileID: 326916089734170239, guid: 32f43655a473bc843b9fe19ec7a64f1c, type: 3}
  table: {fileID: 0}
--- !u!114 &3020174758976507839
MonoBehaviour:
  m_ObjectHideFlags: 0
  m_CorrespondingSourceObject: {fileID: 0}
  m_PrefabInstance: {fileID: 0}
  m_PrefabAsset: {fileID: 0}
  m_GameObject: {fileID: 3020174758976507777}
  m_Enabled: 1
  m_EditorHideFlags: 0
  m_Script: {fileID: 11500000, guid: 83dcd8dace8b7fe449d796b980cb121d, type: 3}
  m_Name: 
  m_EditorClassIdentifier: 
  selfSelected: 0
  onSelected:
    m_PersistentCalls:
      m_Calls: []
  onDeselected:
    m_PersistentCalls:
      m_Calls: []
  use: 0
  onSelectedFinger:
    m_PersistentCalls:
      m_Calls: []
  onSelectedFingerUp:
    m_PersistentCalls:
      m_Calls: []
  onSelectedSelectFinger:
    m_PersistentCalls:
      m_Calls: []
  onSelectedSelectFingerUp:
    m_PersistentCalls:
      m_Calls: []
--- !u!54 &1614684183
Rigidbody:
  m_ObjectHideFlags: 0
  m_CorrespondingSourceObject: {fileID: 0}
  m_PrefabInstance: {fileID: 0}
  m_PrefabAsset: {fileID: 0}
  m_GameObject: {fileID: 3020174758976507777}
  serializedVersion: 2
  m_Mass: 1
  m_Drag: 0
  m_AngularDrag: 0.05
  m_UseGravity: 0
  m_IsKinematic: 0
  m_Interpolate: 0
  m_Constraints: 0
  m_CollisionDetection: 0
--- !u!114 &8882187015377955519
MonoBehaviour:
  m_ObjectHideFlags: 0
  m_CorrespondingSourceObject: {fileID: 0}
  m_PrefabInstance: {fileID: 0}
  m_PrefabAsset: {fileID: 0}
  m_GameObject: {fileID: 3020174758976507777}
  m_Enabled: 1
  m_EditorHideFlags: 0
  m_Script: {fileID: 11500000, guid: f363f0ff9dc1ca7449125eea91579859, type: 3}
  m_Name: 
  m_EditorClassIdentifier: 
  target: {fileID: 0}
  Use:
    Filter: 0
    IgnoreStartedOverGui: 1
    RequiredFingerCount: 0
    RequiredMouseButtons: 0
    RequiredSelectable: {fileID: 3020174758976507839}
  ScreenDepth:
    Conversion: 1
    Camera: {fileID: 0}
    Object: {fileID: 0}
    Layers:
      serializedVersion: 2
      m_Bits: 4294967291
    Distance: 0
  trackScreenPosition: 1
  damping: -1
  remainingDelta: {x: 0, y: 0, z: 0}
